@misc{glisc,
	author={{Antonio Gasparetto Junior}},
	title={{Exército Republicano Irlandês (IRA)}},
	year={2013},
	note = "[https://www.infoescola.com/historia/exercito-republicano-irlandes-ira/; acedido em novembro 2017]"
}

