@misc{Python,
  author = {Python},
  title = {{Python Documentation}},
  howpublished = "\url{http://www.python.org/doc/}",
  note = "[Acedido em 22 de Fevereiro de 2014]"
}

@misc{JDK,
  author = {Oracle},
  title = {{Java Documentation}},
  howpublished = "\url{http://docs.oracle.com/javase/7/docs/api/}",
  note = "[Acedido em 22 de Fevereiro de 2014]"
}

@misc{Guide12,
  author = {João Paulo Barraca},
  title = {{Guião 12 - Python}},
  note = "[Acedido em 20 de Fevereiro de 2014]"
}

@misc{Udemy,
  author = {Kasia Mikoluk},
  title = {{Python vs. Java}},
  howpublished = "\url{https://www.udemy.com/blog/python-vs-java/}",
  note = "[Acedido em 22 de Fevereiro de 2014]"
}