@misc{Python,
  author = {Python},
  title = {{Python Documentation}},
  howpublished = "\url{http://www.python.org/doc/}",
  note = "[Acedido em 10 de Maio de 2014]"
}
@misc{Notepad++,
  author = {Notepad++},
  title = {{Notepad++}},
  howpublished = "\url{http://notepad-plus-plus.org/}",
  note = "[Acedido em 10 de Maio de 2014]"
}
@misc{Audacity,
  author = {Audacity},
  title = {{Audacity}},
  howpublished = "\url{http://audacity.sourceforge.net/}",
  note = "[Acedido em 10 de Maio de 2014]"
}
@misc{FDKACCEncoder,
  author = {Unknown},
  title = {{FDK ACC Encoder}},
  howpublished = "\url{http://audiophilesoft.ru/load/coders_utils/fdkaac/7-1-0-80}",
  note = "[Acedido em 10 de Maio de 2014]"
}
@misc{Binaries,
  author = {Christoph Gohlke},
  title = {{Python Binaries}},
  howpublished = "\url{www.lfd.uci.edu/~gohlke/pythonlibs/}",
  note = "[Acedido em 10 de Maio de 2014]"
}
@misc{Foobar,
  author = {Peter Pawlowski},
  title = {{Foobar2000}},
  howpublished = "\url{http://www.foobar2000.org/}",
  note = "[Acedido em 10 de Maio de 2014]"
}
@misc{TouhouProject,
  author = {Team Shangai Alice e ZUN},
  title = {{Touhou Official Website}},
  howpublished = "\url{http://www16.big.or.jp/~zun/top.html}",
  note = "[Acedido em 10 de Maio de 2014]"
}

